<?xml version="1.0" encoding="UTF-8"?><collection xmlns="http://www.loc.gov/MARC21/slim"><record><leader>00521nam--2200133-i-4500</leader><controlfield tag="001">000015454</controlfield><controlfield tag="002">20161230</controlfield><controlfield tag="005">20161230201031</controlfield><controlfield tag="008">060222s1000------------r-----000-0-eng-d</controlfield><datafield ind1=" " ind2=" " tag="245"><subfield code="a">Ceramic powdere. preparation, consilidation an d sintering. proceedings of the 5 th internati onal meeting on modern ceramics technologies (5th cimtec), ligaano sabbiadoro, italy, 14-19 june, 1982</subfield></datafield><datafield ind1=" " ind2=" " tag="260"><subfield code="a">Amsterdam, Elsevier Scientific Publ.Co., 1983</subfield></datafield><datafield ind1=" " ind2=" " tag="490"><subfield code="a">Materials Science Monographs</subfield></datafield><datafield ind1=" " ind2=" " tag="700"><subfield code="a">Vincenzini, P</subfield></datafield><datafield ind1=" " ind2=" " tag="852"><subfield code="a">666.3</subfield></datafield></record></collection>